@article{zoller2004,
  title = {Single Atom Transistor in a 1D Optical Lattice},
  author = {Micheli, A. and Daley, A. J. and Jaksch, D. and Zoller, P.},
  journal = {Phys. Rev. Lett.},
  volume = {93},
  issue = {14},
  pages = {140408},
  numpages = {4},
  year = {2004},
  month = {Oct},
  publisher = {American Physical Society},
  doi = {10.1103/PhysRevLett.93.140408},
  url = {https://link.aps.org/doi/10.1103/PhysRevLett.93.140408}
}

@article{marchukov2016,
  title = {Quantum spin transistor with a Heisenberg spin chain},
  author = {Marchukov, O. V. and Volosniev, A. G. and Valiente, M. and Petrosyan, D. and Zinner, N. T.},
  journal = {Nature Communications},
  volume = {7},
  pages = {13070},
  year = {2016},
  doi = {10.1038/ncomms13070},
  url = https://doi.org/10.1038/ncomms13070}
}

@article{massignan2014,
  author={Pietro Massignan and Matteo Zaccanti and Georg M Bruun},
  title={Polarons, dressed molecules and itinerant ferromagnetism in ultracold Fermi gases},
  journal={Reports on Progress in Physics},
  volume={77},
  number={3},
  pages={034401},
  url={http://stacks.iop.org/0034-4885/77/i=3/a=034401},
  year={2014}
}

@article{zwierlein2009,
  title = {Observation of Fermi Polarons in a Tunable Fermi Liquid of Ultracold Atoms},
  author = {Schirotzek, Andr\'e and Wu, Cheng-Hsun and Sommer, Ariel and Zwierlein, Martin W.},
  journal = {Phys. Rev. Lett.},
  volume = {102},
  issue = {23},
  pages = {230402},
  numpages = {4},
  year = {2009},
  month = {Jun},
  publisher = {American Physical Society},
  doi = {10.1103/PhysRevLett.102.230402},
  url = {https://link.aps.org/doi/10.1103/PhysRevLett.102.230402}
}

@article{arlt2016,
  title = {Observation of Attractive and Repulsive Polarons in a Bose-Einstein Condensate},
  author = {J\o{}rgensen, Nils B. and Wacker, Lars and Skalmstang, Kristoffer T. and Parish, Meera M. and Levinsen, Jesper and Christensen, Rasmus S. and Bruun, Georg M. and Arlt, Jan J.},
  journal = {Phys. Rev. Lett.},
  volume = {117},
  issue = {5},
  pages = {055302},
  numpages = {6},
  year = {2016},
  month = {Jul},
  publisher = {American Physical Society},
  doi = {10.1103/PhysRevLett.117.055302},
  url = {https://link.aps.org/doi/10.1103/PhysRevLett.117.055302}
}

@article{hu2016,
  title = {Bose Polarons in the Strongly Interacting Regime},
  author = {Hu, Ming-Guang and Van de Graaff, Michael J. and Kedar, Dhruv and Corson, John P. and Cornell, Eric A. and Jin, Deborah S.},
  journal = {Phys. Rev. Lett.},
  volume = {117},
  issue = {5},
  pages = {055301},
  numpages = {6},
  year = {2016},
  month = {Jul},
  publisher = {American Physical Society},
  doi = {10.1103/PhysRevLett.117.055301},
  url = {https://link.aps.org/doi/10.1103/PhysRevLett.117.055301}
}

@article{landau1948,
  title = {Effective Mass of the Polaron},
  author = {Lev D. Landau and Solomon I. Pekar},
  journal = {JETP},
  volume = {18},
  pages = {419},
  year = {1948}
}


@article{braaten2006,
      author         = "Braaten, E. and Hammer, H.-W.",
      title          = "{Universality in few-body systems with large scattering
                        length}",
      journal        = "Phys. Rept.",
      volume         = "428",
      pages          = "259-390",
      doi            = "10.1016/j.physrep.2006.03.001",
      year           = "2006"
}

@article{kain2016,
  title = {Generalized Hartree-Fock-Bogoliubov description of the Fr\"ohlich polaron},
  author = {Kain, Ben and Ling, Hong Y.},
  journal = {Phys. Rev. A},
  volume = {94},
  issue = {1},
  pages = {013621},
  numpages = {12},
  year = {2016},
  month = {Jul},
  publisher = {American Physical Society},
  doi = {10.1103/PhysRevA.94.013621},
  url = {https://link.aps.org/doi/10.1103/PhysRevA.94.013621}
}


@article{parisi2017,
  title = {Quantum Monte Carlo study of the Bose-polaron problem in a one-dimensional gas with contact interactions},
  author = {Parisi, L. and Giorgini, S.},
  journal = {Phys. Rev. A},
  volume = {95},
  issue = {2},
  pages = {023619},
  numpages = {9},
  year = {2017},
  month = {Feb},
  publisher = {American Physical Society},
  doi = {10.1103/PhysRevA.95.023619},
  url = {https://link.aps.org/doi/10.1103/PhysRevA.95.023619}
}

@article{pastukhov2017,
  title = {Impurity states in the one-dimensional Bose gas},
  author = {Pastukhov, Volodymyr},
  journal = {Phys. Rev. A},
  volume = {96},
  issue = {4},
  pages = {043625},
  numpages = {7},
  year = {2017},
  month = {Oct},
  publisher = {American Physical Society},
  doi = {10.1103/PhysRevA.96.043625},
  url = {https://link.aps.org/doi/10.1103/PhysRevA.96.043625}
}

  	
@article{grusdt2017,
  author={Fabian Grusdt and Gregory E Astrakharchik and Eugene Demler},
  title={Bose polarons in ultracold atoms in one dimension: beyond the Fr√∂hlich paradigm},
  journal={New Journal of Physics},
  volume={19},
  number={10},
  pages={103035},
  url={http://stacks.iop.org/1367-2630/19/i=10/a=103035},
  year={2017}
}

@article{volosniev2017,
  title = {Analytical approach to the Bose-polaron problem in one dimension},
  author = {Volosniev, A. G. and Hammer, H.-W.},
  journal = {Phys. Rev. A},
  volume = {96},
  issue = {3},
  pages = {031601},
  numpages = {6},
  year = {2017},
  month = {Sep},
  publisher = {American Physical Society},
  doi = {10.1103/PhysRevA.96.031601},
  url = {https://link.aps.org/doi/10.1103/PhysRevA.96.031601}
}

@article{astrakharchik2004,
  title = {Motion of a heavy impurity through a Bose-Einstein condensate},
  author = {Astrakharchik, G. E. and Pitaevskii, L. P.},
  journal = {Phys. Rev. A},
  volume = {70},
  issue = {1},
  pages = {013608},
  numpages = {5},
  year = {2004},
  month = {Jul},
  publisher = {American Physical Society},
  doi = {10.1103/PhysRevA.70.013608},
  url = {https://link.aps.org/doi/10.1103/PhysRevA.70.013608}
}

@article{sykes2009,
  title = {Drag Force on an Impurity below the Superfluid Critical Velocity in a Quasi-One-Dimensional Bose-Einstein Condensate},
  author = {Sykes, Andrew G. and Davis, Matthew J. and Roberts, David C.},
  journal = {Phys. Rev. Lett.},
  volume = {103},
  issue = {8},
  pages = {085302},
  numpages = {4},
  year = {2009},
  month = {Aug},
  publisher = {American Physical Society},
  doi = {10.1103/PhysRevLett.103.085302},
  url = {https://link.aps.org/doi/10.1103/PhysRevLett.103.085302}
}




@article{prokofev2008,
  title = {Fermi-polaron problem: Diagrammatic Monte Carlo method for divergent sign-alternating series},
  author = {Prokof'ev, Nikolay and Svistunov, Boris},
  journal = {Phys. Rev. B},
  volume = {77},
  issue = {2},
  pages = {020408},
  numpages = {4},
  year = {2008},
  month = {Jan},
  publisher = {American Physical Society},
  doi = {10.1103/PhysRevB.77.020408},
  url = {http://link.aps.org/doi/10.1103/PhysRevB.77.020408}
}

@article{bloch2008,
  title = {Many-body physics with ultracold gases},
  author = {Bloch, Immanuel and Dalibard, Jean and Zwerger, Wilhelm},
  journal = {Rev. Mod. Phys.},
  volume = {80},
  issue = {3},
  pages = {885--964},
  numpages = {0},
  year = {2008},
  month = {Jul},
  publisher = {American Physical Society},
  doi = {10.1103/RevModPhys.80.885},
  url = {https://link.aps.org/doi/10.1103/RevModPhys.80.885}
}

@article{naidon2011,
  title = {Measurement of an Efimov Trimer Binding Energy in a Three-Component Mixture of $^{6}\mathrm{Li}$},
  author = {Nakajima, Shuta and Horikoshi, Munekazu and Mukaiyama, Takashi and Naidon, Pascal and Ueda, Masahito},
  journal = {Phys. Rev. Lett.},
  volume = {106},
  issue = {14},
  pages = {143201},
  numpages = {4},
  year = {2011},
  month = {Apr},
  publisher = {American Physical Society},
  doi = {10.1103/PhysRevLett.106.143201},
  url = {https://link.aps.org/doi/10.1103/PhysRevLett.106.143201}
}

@article{huang2015,
  title = {Finite-temperature effects on a triatomic Efimov resonance in ultracold cesium},
  author = {Huang, B. and Sidorenkov, L. A. and Grimm, R.},
  journal = {Phys. Rev. A},
  volume = {91},
  issue = {6},
  pages = {063622},
  numpages = {7},
  year = {2015},
  month = {Jun},
  publisher = {American Physical Society},
  doi = {10.1103/PhysRevA.91.063622},
  url = {https://link.aps.org/doi/10.1103/PhysRevA.91.063622}
}

@article{wacker2018,
  title = {Temperature dependence of an Efimov resonance in 39K},
  author = {Wacker, L. J. and J{\o}rgensen, N. B. and Skalmstang, K. T. and Skou, M. G. and Volosniev, A. G. and Arlt, J. J.},
  year = {2018},
  journal = {to appear in Phys. Rev. A}
}


@article{tsuzuki1971,
author="Tsuzuki, Toshio",
title="Nonlinear waves in the Pitaevskii-Gross equation",
journal="Journal of Low Temperature Physics",
year="1971",
month="Apr",
day="01",
volume="4",
number="4",
pages="441--457",
abstract="Nonlinear waves, solitary and periodic, are studied exactly in the Pitaevskii-Gross equation for the wave function of the condensate of a superfluid. We also study the relationship between these two waves and Bogoliubov's phonon, and the energies associated with these waves. The creation energy of a solitary wave with amplitudeA is proportional toA3/2. Solitary waves show interesting behavior on their collision due to their localized character. The effect of collision on solitary waves can be described by the phase shift. We give a formula of the phase shift on a collision of two solitary waves. We further discuss the decay of an arbitrary initial disturbance into solitary waves.",
issn="1573-7357",
doi="10.1007/BF00628744",
url="https://doi.org/10.1007/BF00628744"
}


@article{ishikawa1980,
author = {Ishikawa ,Masakatsu and Takayama ,Hajime},
title = {Solitons in a One-Dimensional Bose System with the Repulsive Delta-Function Interaction},
journal = {Journal of the Physical Society of Japan},
volume = {49},
number = {4},
pages = {1242-1246},
year = {1980},
doi = {10.1143/JPSJ.49.1242},

URL = { 
        https://doi.org/10.1143/JPSJ.49.1242
    
}
}

@article{hakim1997,
  title = {Nonlinear Schr\"odinger flow past an obstacle in one dimension},
  author = {Hakim, Vincent},
  journal = {Phys. Rev. E},
  volume = {55},
  issue = {3},
  pages = {2835--2845},
  numpages = {0},
  year = {1997},
  month = {Mar},
  publisher = {American Physical Society},
  doi = {10.1103/PhysRevE.55.2835},
  url = {https://link.aps.org/doi/10.1103/PhysRevE.55.2835}
}

@article{takahashi2018,
  title = {Experimental realization of ultracold Yb-7Li mixtures in mixed dimensions},
  author = {Sch{\"a}fer, Florian and Mizukami, Naoto and Yu, Phelan and Koibuchi, Shun and Bouscal, Adrien and  Takahashi,Yoshiro},
  year = {2018},
  journal = {arXiv:1808.09051}
}

@article{jochim2018,
  title = {Spin-resolved single-atom imaging of $^{6}\mathrm{Li}$ in free space},
  author = {Bergschneider, Andrea and Klinkhamer, Vincent M. and Becher, Jan Hendrik and Klemt, Ralf and Z\"urn, Gerhard and Preiss, Philipp M. and Jochim, Selim},
  journal = {Phys. Rev. A},
  volume = {97},
  issue = {6},
  pages = {063613},
  numpages = {8},
  year = {2018},
  month = {Jun},
  publisher = {American Physical Society},
  doi = {10.1103/PhysRevA.97.063613},
  url = {https://link.aps.org/doi/10.1103/PhysRevA.97.063613}
}

@article{zaccanti2017,
  title = {Repulsive Fermi Polarons in a Resonant Mixture of Ultracold $^{6}\mathrm{Li}$ Atoms},
  author = {Scazza, F. and Valtolina, G. and Massignan, P. and Recati, A. and Amico, A. and Burchianti, A. and Fort, C. and Inguscio, M. and Zaccanti, M. and Roati, G.},
  journal = {Phys. Rev. Lett.},
  volume = {118},
  issue = {8},
  pages = {083602},
  numpages = {6},
  year = {2017},
  month = {Feb},
  publisher = {American Physical Society},
  doi = {10.1103/PhysRevLett.118.083602},
  url = {https://link.aps.org/doi/10.1103/PhysRevLett.118.083602}
}


